<record><leader>00000cas a2200000 a 4500</leader><controlfield tag="001">9988154</controlfield><controlfield tag="008">831006d18661937nyuwr ne      0    0eng c</controlfield><datafield ind1=" " ind2=" " tag="010"><subfield code="a">sn 83031257 </subfield></datafield><datafield ind1=" " ind2=" " tag="040"><subfield code="a">NPU</subfield><subfield code="b">eng</subfield><subfield code="c">NPU</subfield><subfield code="d">NPX</subfield><subfield code="d">NYS</subfield><subfield code="d">OCLCQ</subfield><subfield code="d">OCLCF</subfield><subfield code="d">OCLCO</subfield><subfield code="d">OCL</subfield></datafield><datafield ind1=" " ind2=" " tag="042"><subfield code="a">pcc</subfield></datafield><datafield ind1=" " ind2=" " tag="043"><subfield code="a">n-us-ny</subfield></datafield><datafield ind1="0" ind2="4" tag="245"><subfield code="a">The Cold Spring recorder.</subfield></datafield><datafield ind1=" " ind2=" " tag="260"><subfield code="a">Cold Spring, N.Y. :</subfield><subfield code="b">Swezey &amp; Co.</subfield></datafield><datafield ind1=" " ind2=" " tag="300"><subfield code="a">v. ;</subfield><subfield code="c">55-62 cm.</subfield></datafield><datafield ind1=" " ind2=" " tag="310"><subfield code="a">Weekly</subfield></datafield><datafield ind1="1" ind2=" " tag="362"><subfield code="a">Began with Mar. 1, 1866 issue.</subfield><subfield code="z">Cf. Gregory, W. Amer. newspapers, 1937.</subfield></datafield><datafield ind1="1" ind2=" " tag="362"><subfield code="a">Ceased Dec. 10, 1937?</subfield></datafield><datafield ind1=" " ind2=" " tag="500"><subfield code="a">Editors: Charles Blanchard, 1866-&lt;1867&gt;; S.B. Allis, &lt;1868-1876&gt;.</subfield></datafield><datafield ind1=" " ind2=" " tag="500"><subfield code="a">Publishers: Charles Blanchard, &lt;1867&gt;; The Recorder Assn., &lt;1868&gt;; S.B. Allis, &lt;1876&gt;; Otis Montrose, &lt;1920-&gt;.</subfield></datafield><datafield ind1=" " ind2=" " tag="500"><subfield code="a">"First of all, the news," March 19, 1920.</subfield></datafield><datafield ind1=" " ind2=" " tag="588"><subfield code="a">Description based on: Vol. 1, no. 21 (July 27, 1866).</subfield></datafield><datafield ind1=" " ind2=" " tag="588"><subfield code="a">Latest issue consulted: Vol. 70, no. 3580 (Dec. 27, 1935).</subfield></datafield><datafield ind1=" " ind2="0" tag="651"><subfield code="a">Cold Spring (Putnam, N.Y.)</subfield><subfield code="v">Newspapers.</subfield></datafield><datafield ind1=" " ind2="0" tag="651"><subfield code="a">Putnam County (N.Y.)</subfield><subfield code="v">Newspapers.</subfield></datafield><datafield ind1=" " ind2="7" tag="651"><subfield code="a">New York (State)</subfield><subfield code="z">Cold Spring (Putnam County)</subfield><subfield code="2">fast</subfield><subfield code="0">(OCoLC)fst01799290</subfield></datafield><datafield ind1=" " ind2="7" tag="651"><subfield code="a">New York (State)</subfield><subfield code="z">Putnam County.</subfield><subfield code="2">fast</subfield><subfield code="0">(OCoLC)fst01211409</subfield></datafield><datafield ind1=" " ind2="7" tag="655"><subfield code="a">Newspapers.</subfield><subfield code="2">fast</subfield><subfield code="0">(OCoLC)fst01423814</subfield></datafield><datafield ind1=" " ind2=" " tag="752"><subfield code="a">United States</subfield><subfield code="b">New York</subfield><subfield code="c">Putnam</subfield><subfield code="d">Cold Spring.</subfield></datafield><datafield ind1="0" ind2="7" tag="785"><subfield code="t">Putnam County news</subfield><subfield code="w">(DLC)sn 92061526</subfield><subfield code="w">(OCoLC)25563234</subfield></datafield><datafield ind1="0" ind2="7" tag="785"><subfield code="t">News recorder (Cold Spring, N.Y.)</subfield><subfield code="w">(DLC)sn 92061527</subfield><subfield code="w">(OCoLC)25563307</subfield></datafield></record>